@inproceedings{ahmadi2009,
  title = {Sustainable Design for Open Spaces by Modify Traditional Neighborhood Centers in Iran},
  booktitle = {Proceedings of the Regional Engineering Postgraduate Conference Held in Bangi, Malaysia, 20-21 October 2009},
  author = {Ahmadi, Vahid and {Che-Ani}, {\relax AI} and Surat, M and Zain, M Fauzi M and Farkisch, Hero and Asadi, Mohsen},
  year = {2009}
}

@article{akkar2007,
  title = {Public Spaces of Post-Industrial Cities and Their Changing Roles},
  author = {Akkar Ercan, Z{\"u}beyde M{\"u}ge},
  year = {2007},
  publisher = {Middle East Technical University, Faculty of Architecture}
}

@article{al2023,
  title = {{{RUANG DAN KOMUNITAS}}: {{IDENTITAS PENGGIAT PAPAN SELUNCUR KOTA BEKASI}} (Studi Kasus Komunitas Patriot Skate Club 95 Kota Bekasi)},
  author = {{Al-Fikri}, Muhammad Adib and Mahzuni, Dade and Prabasmoro, Tisna},
  year = {2023},
  journal = {Metahumaniora},
  volume = {13},
  number = {2},
  pages = {131--142}
}

@article{bps2020,
  title = {{{Kota Parepare dalam Angka Parepare Municipality}} in {{Figures}} 2020},
  shorttitle = {{{Kota Parepare dalam Angka}}},
  author = {{Bps Kota Parepare}},
  year = {2020},
  journal = {Badan Pusat Statistik Kota Parepare},
  volume = {73720.2002},
  number = {1102001.7372},
  issn = {0215-7047}
}

@book{breen1994,
  title = {Waterfronts: {{Cities}} Reclaim Their Edge},
  author = {Breen, Ann and Rigby, Dick},
  year = {1994},
  publisher = {McGraw-Hill Companies}
}

@book{creswell2016,
  title = {Qualitative Inquiry and Research Design: {{Choosing}} among Five Approaches},
  author = {Creswell, John W and Poth, Cheryl N},
  year = {2016},
  publisher = {Sage publications}
}

@phdthesis{dong2004,
  title = {Waterfront Development: {{A}} Case Study of Dalian, China},
  author = {Dong, Lina},
  year = {2004},
  school = {University of Waterloo}
}

@phdthesis{dougherty2006,
  title = {Embodying the City: {{Identity}} and Use in Urban Public Space},
  author = {Dougherty, Dana},
  year = {2006},
  school = {Virginia Tech}
}

@article{einstein,
  title = {{{Zur Elektrodynamik bewegter K{\"o}rper}}. ({{German}}) [{{On}} the Electrodynamics of Moving Bodies]},
  author = {Einstein, Albert},
  year = {1905},
  journal = {Annalen der Physik},
  volume = {322},
  number = {10},
  pages = {891--921},
  doi = {http://dx.doi.org/10.1002/andp.19053221004}
}

@phdthesis{faniapriani2018,
  type = {{{SKRIPSI}}},
  title = {Persepsi 50 Orang Masyarakat Kota Parepare Terhadap Monumen Patung Cinta Sejati Habibie Ainun Sebagai Icon Kota Parepare Dalam Kaitannya Dengan Pengembangan Pariwisata Kota Parepare},
  shorttitle = {Monumen Patung Cinta Sejati Habibie Ainun Sebagai Icon Kota Parepare Dalam Kaitannya Dengan Pengembangan Pariwisata Kota Parepare},
  author = {{Fani Apriani}},
  year = {2018},
  school = {UNIVERSITAS NEGERI MAKASSAR}
}

@book{groat2013,
  title = {Architectural Research Methods},
  author = {Groat, Linda N and Wang, David},
  year = {2013},
  publisher = {John Wiley \& Sons}
}

@article{hajmirsadeghi2012,
  title = {The Impact of Physical Design Factors on the Effective Use of Public Squares},
  author = {Hajmirsadeghi, Reihaneh Sadat and Shamsuddin, Shuhana and Foroughi, Amir},
  year = {2012},
  journal = {International Journal of Fundamental Psychology and Social Sciences},
  volume = {2},
  number = {3},
  pages = {49--56},
  publisher = {Citeseer}
}

@inproceedings{hartanti2012,
  title = {Streetscape Connectivity and the Making of Urban Identity},
  booktitle = {Proceeding of Arte-Polis-4 International Conference},
  author = {Hartanti, Nurhikmah B and Martokusumo, Widjaja},
  year = {2012}
}

@article{hartanti2014,
  title = {Streetscape Character as Representation of Urban Identity},
  author = {Hartanti, Nurhikmah Budi and Martokusumo, Widjaja},
  year = {2014},
  publisher = {National University of Singapore}
}

@misc{hartanti2019,
  type = {Perpustakaan {{Digital ITB}}},
  title = {Karakter Streetscape Sebagai Representasi Identitas Kota Bogor},
  author = {Hartanti, Nurhikmah Budi},
  year = {2019},
  urldate = {2023-10-27}
}

@article{hussein2014,
  title = {Sustainable Urban Waterfronts Using Sustainability Assessment Rating System},
  author = {Hussein, {\relax RMR}},
  year = {2014},
  journal = {International Journal of Architectural and Environmental Engineering},
  volume = {8},
  number = {4},
  pages = {488--498}
}

@article{iqbal2020,
  title = {Regenerating the {{Identity}} in {{Historic Waterfront}}: {{A Case Study}} of {{Central Market Waterfront}}, {{Kuala Lumpur}}},
  shorttitle = {Regenerating the {{Identity}} in {{Historic Waterfront}}},
  author = {Iqbal, T and Rani, W N M W M and Wahab, M H},
  year = {2020},
  month = jan,
  journal = {IOP Conference Series: Earth and Environmental Science},
  volume = {409},
  number = {1},
  pages = {012001},
  issn = {1755-1307, 1755-1315},
  doi = {10.1088/1755-1315/409/1/012001},
  urldate = {2025-04-28},
  keywords = {,utama}
}

@misc{jumurdinSistemKonstruksiBerbasis,
  type = {Blog},
  title = {Sistem {{Konstruksi Berbasis Kayu}} : {{Landa}}' {{Sebagai Studi Kasus}}},
  author = {Jumurdin, Muhammad Rusdin and Shafar, Muhammad Uliah},
  journal = {Sistem Konstruksi Berbasis Kayu : Landa' Sebagai Studi Kasus}
}

@incollection{Kaymaz13,
  title = {Urban Landscapes and Identity},
  booktitle = {Advances in Landscape Architecture},
  author = {Kaymaz, Isil},
  editor = {{\"O}zyavuz, Murat},
  year = {2013},
  publisher = {IntechOpen},
  address = {Rijeka},
  doi = {10.5772/55754},
  chapter = {29}
}

@incollection{kaymaz2013,
  title = {Urban Landscapes and Identity},
  booktitle = {Advances in Landscape Architecture},
  author = {Kaymaz, Isil},
  year = {2013},
  publisher = {IntechOpen}
}

@misc{knuthwebsite,
  title = {Knuth: {{Computers}} and Typesetting},
  author = {Knuth, Donald},
  year = {1993}
}

@book{latexcompanion,
  title = {The {{LaTeX}} Companion},
  author = {Goossens, Michel and Mittelbach, Frank and Samarin, Alexander},
  year = {1993},
  publisher = {Addison-Wesley},
  address = {Reading, Massachusetts}
}

@book{low2009,
  title = {Rethinking Urban Parks: {{Public}} Space and Cultural Diversity},
  author = {Low, Setha M and Taplin, Dana and Scheld, Suzanne},
  year = {2009},
  publisher = {University of Texas Press}
}

@book{lynch1984,
  title = {Good City Form},
  author = {Lynch, Kevin},
  year = {1984},
  publisher = {MIT press}
}

@article{montgomery1997,
  title = {Caf{\'e} Culture and the City: {{The}} Role of Pavement Caf{\'e}s in Urban Public Social Life},
  author = {Montgomery, John},
  year = {1997},
  journal = {Journal of urban design},
  volume = {2},
  number = {1},
  pages = {83--102},
  publisher = {Taylor \& Francis}
}

@article{mullin2000,
  title = {Historic Preservation in Waterfront Communities in {{Portugal}} and the {{USA}}},
  author = {Mullin, John and Kotval, Zenia and Balsas, Carlos},
  year = {2000},
  journal = {Portuguese Studies Review},
  pages = {40}
}

@article{oktay2002,
  title = {The Quest for Urban Identity in the Changing Context of the City: {{Northern Cyprus}}},
  author = {Oktay, Derya},
  year = {2002},
  journal = {Cities (London, England)},
  volume = {19},
  number = {4},
  pages = {261--271},
  publisher = {Elsevier}
}

@article{oktay2015,
  title = {A Holistic Research Approach to Measuring Urban Identity: {{Findings}} from {{Girne}} ({{Kyrenia}}) Area Study},
  author = {Oktay, Derya and Bala, Havva Alkan},
  year = {2015},
  journal = {Ijar}
}

@article{petrovic-balubdzicCreatingBelgradeWaterfront2017,
  title = {Creating the {{Belgrade}} Waterfront Identity through a Prism of Architecture and Urban Planning Competitions},
  author = {{Petrovic-Balubdzic}, Miroslava},
  year = {2017},
  journal = {Spatium},
  number = {37},
  pages = {74--81},
  issn = {1450-569X, 2217-8066},
  doi = {10.2298/SPAT1737074P},
  urldate = {2025-04-29},
  copyright = {http://creativecommons.org/licenses/by-nc-nd/4.0/},
  langid = {english}
}

@book{rapoport1990,
  title = {The Meaning of the Built Environment: {{A}} Nonverbal Communication Approach},
  author = {Rapoport, Amos},
  year = {1990},
  publisher = {University of Arizona Press}
}

@article{rusman2020,
  title = {Efektivitas Program Kampung Keluarga Berencana ({{KB}}) Guna Mewujudkan Keluarga Kecil Mandiri Di Kelurahan Labukkang Kota Parepare},
  author = {Rusman, Ayu Dwi Putri and others},
  year = {2020},
  journal = {Jurnal Ilmiah Manusia Dan Kesehatan},
  volume = {3},
  number = {3},
  pages = {329--340}
}

@article{sari2024,
  title = {Implementasi {{Konsep Arsitektur Berkelanjutan}} Pada {{Ruang Publik}} Di {{Kabupaten Purworejo}}},
  author = {Sari, Maya Puspita and Yuliani, Sri},
  year = {2024},
  month = may,
  journal = {ARSITEKTURA},
  volume = {22},
  number = {1},
  pages = {65},
  issn = {2580-2976, 1693-3680},
  doi = {10.20961/arst.v22i1.81681},
  urldate = {2025-08-28},
  copyright = {http://creativecommons.org/licenses/by-nc-sa/4.0}
}

@article{shafar2021,
  title = {Efektivitas Pemanfaatan Alun-Alun Sebagai Ruang Terbuka Publik},
  author = {Shafar, Muhammad Uliah and Sari, Suzanna Ratih},
  year = {2021},
  journal = {Nature: National Academic Journal of Architecture},
  volume = {8},
  number = {1},
  pages = {53--61}
}

@article{ujang2017,
  title = {Place {{Attachment}} and {{Continuity}} of {{Urban Place Identity}}},
  author = {Ujang, Norsidah},
  year = {2017},
  month = jan,
  journal = {Asian Journal of Environment-Behaviour Studies},
  volume = {2},
  number = {2},
  pages = {117--132},
  issn = {2514-751X},
  doi = {10.21834/aje-bs.v2i2.182},
  urldate = {2025-05-04},
  copyright = {https://creativecommons.org/licenses/by-nc-nd/4.0},
  langid = {english}
}

@phdthesis{uliah2022,
  title = {Preferensi Pengunjung Terhadap Ruang Publik Di Kawasan Tepi Laut Senggol Parepare},
  author = {{Shafar}},
  year = {2022},
  school = {Universitas Diponegoro}
}

@article{UrbanizationImpermeableBoundary2023,
  title = {Urbanization, Impermeable Boundary and Losing Communal Identity: {{A}} Case Study of the Local Waterfront Community in {{Bangkok}} Suburbs},
  shorttitle = {Urbanization, Impermeable Boundary and Losing Communal Identity},
  year = {2023},
  journal = {Kasetsart Journal of Social Sciences},
  volume = {44},
  number = {3},
  issn = {2452-3151},
  doi = {10.34044/j.kjss.2023.44.3.10},
  urldate = {2025-04-29},
  langid = {english},
  keywords = {,question}
}

@article{vayona2011,
  ids = {vayona2011a},
  title = {Investigating the Preferences of Individuals in Redeveloping Waterfronts: {{The}} Case of the Port of {{Thessaloniki}} -- {{Greece}}},
  shorttitle = {Investigating the Preferences of Individuals in Redeveloping Waterfronts},
  author = {Vayona, Anastasia},
  year = {2011},
  month = oct,
  journal = {Cities (London, England)},
  volume = {28},
  number = {5},
  pages = {424--432},
  issn = {02642751},
  doi = {10.1016/j.cities.2011.05.007}
}

@article{wanismail2018,
  title = {Streets of {{Royal Town}}: {{Exploring}} the {{Physical Character}} of {{Traditional Street}} in the {{Malay Royal Town}}},
  shorttitle = {Streets of {{Royal Town}}},
  author = {Wan Ismail, Wan Norisma and Ja'afar, Nor Haslina and Harun, Nor Zalina},
  year = {2018},
  month = dec,
  journal = {The Journal of Social Sciences Research},
  number = {SPI6},
  pages = {991--996},
  issn = {24136670, 24119458},
  doi = {10.32861/jssr.spi6.991.996},
  urldate = {2025-05-03},
  langid = {english}
}

@article{wiraguna2024,
  title = {Metode {{Penelitian Kualitatif}} Di {{Era Transformasi Digital Qualitative Research Methods}} in the {{Era}} of {{Digital Transformation}}},
  author = {Wiraguna, Sidi and Purwanto, L.M.F. and Rianto Widjaja, Robert},
  year = {2024},
  month = may,
  journal = {Arsitekta : Jurnal Arsitektur dan Kota Berkelanjutan},
  volume = {6},
  number = {01},
  pages = {46--60},
  issn = {2721-1177, 2684-8902},
  doi = {10.47970/arsitekta.v6i01.524},
  urldate = {2025-05-02}
}
